<?xml version="1.0" encoding="UTF-8"?><collection xmlns="http://www.loc.gov/MARC21/slim"><record><leader>00553nam--2200181-i-4500</leader><controlfield tag="001">000036293</controlfield><controlfield tag="002">20161230</controlfield><controlfield tag="005">20170122231306</controlfield><controlfield tag="008">060222s1000------------r-----000-0-eng-d</controlfield><datafield ind1=" " ind2=" " tag="080"><subfield code="a">621.396.619</subfield></datafield><datafield ind1=" " ind2=" " tag="100"><subfield code="a">Novakovscki, S. V</subfield></datafield><datafield ind1=" " ind2=" " tag="245"><subfield code="a">Tehnica modulatiei de frecventa in radiofuziune. Trad.din l.rusa. Numai pentru doc</subfield></datafield><datafield ind1=" " ind2=" " tag="260"><subfield code="a">[Bucuresti]</subfield><subfield code="b">Ed.Energ.De Stat</subfield><subfield code="c">1954</subfield></datafield><datafield ind1=" " ind2=" " tag="300"><subfield code="a">248 p.Cu Ilustr.+ 1 Tab</subfield></datafield><datafield ind1=" " ind2=" " tag="490"><subfield code="a">Minist.Energ.Electrice Si Ind.Electrotehnice</subfield></datafield><datafield ind1=" " ind2=" " tag="700"><subfield code="a">Samoilov, G. P</subfield></datafield><datafield ind1=" " ind2=" " tag="852"><subfield code="a">3568</subfield></datafield><datafield ind1=" " ind2=" " tag="CAT"><subfield code="a">SYS</subfield><subfield code="c">20170122</subfield><subfield code="h">231306</subfield></datafield></record></collection>